@article{Farris2017,
    title = {{6lo-RFID: A framework for full integration of smart UHF RFID tags into the internet of things}},
    year = {2017},
    journal = {IEEE Network},
    author = {Farris, Ivan and Pizzi, Sara and Merenda, Massimo and Molinaro, Antonella and Carotenuto, Riccaro and Iera, Antonio},
    number = {5},
    pages = {66--73},
    volume = {31},
    isbn = {0890-8044},
    doi = {10.1109/MNET.2017.1600269},
    issn = {08908044}
}

@article{Prudanov2016,
    title = {{A trial of yoking-proof protocol in RFID-based smart-home environment}},
    year = {2016},
    journal = {Communications in Computer and Information Science},
    author = {Prudanov, Anton and Tkachev, Sergey and Golos, Nikolay and Masek, Pavel and Hosek, Jiri and Fujdiak, Radek and Zeman, Krystof and Ometov, Aleksandr and Bezzateev, Sergey and Voloshina, Natalia and Andreev, Sergey and Misurec, Jiri},
    number = {November},
    pages = {25--34},
    volume = {678},
    isbn = {9783319519166},
    doi = {10.1007/978-3-319-51917-3{\_}3},
    issn = {18650929},
    keywords = {Authentication, IoT, RFID, Smart-Home, Yoking-proof protocol}
}

@inproceedings{Celesti2017,
    title = {{A Watchdog Service Making Container-Based Micro-services Reliable in IoT Clouds}},
    year = {2017},
    booktitle = {2017 IEEE 5th International Conference on Future Internet of Things and Cloud (FiCloud)},
    author = {Celesti, Antonio and Carnevale, Lorenzo and Galletta, Antonino and Fazio, Maria and Villari, Massimo},
    number = {Lcv},
    month = {8},
    pages = {372--378},
    series = {1},
    publisher = {IEEE},
    url = {http://ieeexplore.ieee.org/document/8114506/},
    isbn = {978-1-5386-2074-8},
    doi = {10.1109/FiCloud.2017.57}
}

@inproceedings{Chieochan2017,
    title = {{An integrated system of applying the use of Internet of Things, RFID and cloud computing: A case study of logistic management of Electricity Generation Authority of Thailand (EGAT) Mae Mao Lignite Coal Mining, Lampang, Thailand}},
    year = {2017},
    booktitle = {2017 9th International Conference on Knowledge and Smart Technology: Crunching Information of Everything, KST 2017},
    author = {Chieochan, Oran and Saokaew, Aukit and Boonchieng, Ekkarat},
    pages = {156--161},
    isbn = {9781467390774},
    doi = {10.1109/KST.2017.7886126},
    keywords = {Cloud computing, Logistic, RFID, iOT}
}

@article{Sun2017,
    title = {{An open IoT framework based on microservices architecture}},
    year = {2017},
    journal = {China Communications},
    author = {Sun, Long and Li, Yan and Memon, Raheel Ahmed},
    number = {2},
    pages = {154--162},
    volume = {14},
    doi = {10.1109/CC.2017.7868163},
    issn = {16735447},
    keywords = {Internet of things, IoT, micro service, software architecture}
}

@article{Casula2016,
    title = {{Analysis of wearable ungrounded antennas for UHF RFIDs with respect to the coupling with human-body}},
    year = {2016},
    journal = {2016 IEEE International Conference on RFID Technology and Applications, RFID-TA 2016},
    author = {Casula, G. A. and Montisci, G. and Michel, A. and Nepa, P.},
    pages = {6--9},
    isbn = {9781509014088},
    doi = {10.1109/RFID-TA.2016.7750740},
    keywords = {body-antenna coupling, ungrounded antennas, wearable antennas}
}

@article{Vresk2016,
    title = {{Architecture of an interoperable IoT platform based on microservices}},
    year = {2016},
    journal = {2016 39th International Convention on Information and Communication Technology, Electronics and Microelectronics, MIPRO 2016 - Proceedings},
    author = {Vresk, Tomislav and Cavrak, Igor},
    pages = {1196--1201},
    isbn = {9789532330885},
    doi = {10.1109/MIPRO.2016.7522321},
    issn = {2327-4662},
    arxivId = {1606.04036}
}

@article{Jadeja2012,
    title = {{Cloud computing - Concepts, architecture and challenges}},
    year = {2012},
    journal = {2012 International Conference on Computing, Electronics and Electrical Technologies, ICCEET 2012},
    author = {Jadeja, Yashpalsinh and Modi, Kirit},
    number = {November},
    pages = {877--880},
    volume = {1},
    isbn = {9781467302111},
    doi = {10.1109/ICCEET.2012.6203873},
    keywords = {applications, architecture, business component of cloud computing, cloud computing, issues}
}

@article{Buyya2009,
    title = {{Cloud computing and emerging IT platforms: Vision, hype, and reality for delivering computing as the 5th utility}},
    year = {2009},
    journal = {Future Generation Computer Systems},
    author = {Buyya, Rajkumar and Buyya, Rajkumar and Yeo, Chee Shin and Yeo, Chee Shin and Venugopal, Srikumar and Venugopal, Srikumar and Broberg, James and Broberg, James and Brandic, Ivona and Brandic, Ivona},
    number = {June 2009},
    pages = {17},
    volume = {25},
    publisher = {Elsevier B.V.},
    url = {http://portal.acm.org/citation.cfm?id=1528937.1529211},
    isbn = {0167-739X},
    doi = {10.1016/j.future.2008.12.001},
    issn = {0167-739},
    pmid = {21450758},
    arxivId = {0808.3558},
    keywords = {Cloud computing, Data Centers, Market-oriented resource allocation, Utility computing, Virtualization}
}

@inproceedings{Puthal2015,
    title = {{Cloud Computing Features, Issues, and Challenges: A Big Picture}},
    year = {2015},
    booktitle = {2015 International Conference on Computational Intelligence and Networks},
    author = {Puthal, Deepak and Sahoo, B.P.S. and Mishra, Sambit and Swain, Satyabrata},
    number = {Cine},
    month = {1},
    pages = {116--123},
    series = {1},
    publisher = {IEEE},
    url = {http://ieeexplore.ieee.org/document/7053814/},
    isbn = {978-1-4799-7548-8},
    doi = {10.1109/CINE.2015.31},
    issn = {2375-5822},
    keywords = {Cloud computing, Cloud security, Data integrity, Public auditing, Virtualization, Workflow scheduling}
}

@article{Zhang2010,
    title = {{Cloud computing: State-of-the-art and research challenges}},
    year = {2010},
    journal = {Journal of Internet Services and Applications},
    author = {Zhang, Qi and Cheng, Lu and Boutaba, Raouf},
    number = {1},
    pages = {7--18},
    volume = {1},
    isbn = {1867482818690},
    doi = {10.1007/s13174-010-0007-6},
    issn = {18674828},
    pmid = {21479169},
    arxivId = {S0167739X10002554},
    keywords = {Cloud computing, Data centers, Virtualization}
}

@article{Perera2014,
    title = {{Context Aware Computing for The Internet of Things: A Survey}},
    year = {2014},
    journal = {IEEE Communications Surveys {\&} Tutorials},
    author = {Perera, Charith and Zaslavsky, Arkady and Christen, Peter and Georgakopoulos, Dimitrios},
    number = {1},
    pages = {414--454},
    volume = {16},
    publisher = {2014},
    url = {http://ieeexplore.ieee.org/document/6512846/},
    doi = {10.1109/SURV.2013.042313.00197},
    issn = {1553-877X}
}

@article{Li2016,
    title = {{Design of Internet of Things System for Library Materials Management Using UHF RFID}},
    year = {2016},
    journal = {IEEE International Conference on RFID Technology and Applications (RFID-TA) Design},
    author = {Li, Dong-ying and Xie, Shun-dao and Chen, Rong-jun},
    pages = {44--48},
    publisher = {2016},
    isbn = {9781509014071},
    keywords = {and then respond with, android mobile reader, internet of things, library materials management, rfid, the reader then captures, the signal sent, their identification, unique serial numbers, which usually are}
}

@article{Khan2012,
    title = {{Future internet: The internet of things architecture, possible applications and key challenges}},
    year = {2012},
    journal = {Proceedings - 10th International Conference on Frontiers of Information Technology, FIT 2012},
    author = {Khan, Rafiullah and Khan, Sarmad Ullah and Zaheer, Rifaqat and Khan, Shahid},
    pages = {257--260},
    isbn = {9780769549279},
    doi = {10.1109/FIT.2012.53},
    issn = {1556-3669},
    pmid = {26308281},
    arxivId = {1207.0203},
    keywords = {Internet of things, IoT applications, IoT architecture, IoT security, RFID, Ubiquitous computing}
}

@inproceedings{Martins2017,
    title = {{Increasing the Dependability of IoT Middleware with Cloud Computing and Microservices}},
    year = {2017},
    booktitle = {Companion Proceedings of the10th International Conference on Utility and Cloud Computing - UCC '17 Companion},
    author = {Martins, Lucas M. C. e and Filho, Francisco L De Caldas and J{\'{u}}nior, Rafael T De Sousa and Giozza, William F and da Costa, Jo√£o Paulo C.L.},
    pages = {203--208},
    publisher = {ACM Press},
    url = {http://dl.acm.org/citation.cfm?doid=3147234.3148092},
    address = {New York, New York, USA},
    isbn = {9781450351959},
    doi = {10.1145/3147234.3148092},
    keywords = {Cloud Computing, Dependability, Internet of Things (IoT), Microservices, Middleware, SOA., ability, acm reference format, cloud computing, depend-, internet of things, iot, microservices, middleware, soa}
}

@article{Buyya2010,
    title = {{InterCloud: Utility-Oriented Federation of Cloud Computing Environments for Scaling of Application Services}},
    year = {2010},
    journal = {International Conference on Algorithms and Architectures for Parallel Processing},
    author = {Buyya, Rajkumar and Ranjan, Rajiv and Calheiros, Rodrigo N},
    pages = {13--31},
    url = {http://link.springer.com/10.1007/978-3-642-13119-6_2},
    doi = {10.1007/978-3-642-13119-6{\_}2}
}

@article{Rayes2017,
    title = {{Internet of Things (IoT) Overview}},
    year = {2017},
    journal = {Internet of Things From Hype to Reality},
    author = {Rayes, Ammar and Salam, Samer},
    pages = {1--34},
    isbn = {9781509032433},
    doi = {10.1016/J.FUTURE.2013.01.010},
    issn = {0167-739X},
    keywords = {- internet of things, anytime, anywhere, authenticity, devices as well as, identification, in a wireless, information security, iot, is expected to happen, it is frequently done, rfid, with related services}
}

@article{Gubbi2013,
    title = {{Internet of Things (IoT): A vision, architectural elements, and future directions}},
    year = {2013},
    journal = {Future Generation Computer Systems},
    author = {Gubbi, Jayavardhana and Buyya, Rajkumar and Marusic, Slaven and Palaniswami, Marimuthu},
    number = {7},
    pages = {1645--1660},
    volume = {29},
    publisher = {Elsevier B.V.},
    url = {http://dx.doi.org/10.1016/j.future.2013.01.010},
    isbn = {0167739X},
    doi = {10.1016/j.future.2013.01.010},
    issn = {0167739X},
    pmid = {20120930},
    arxivId = {1207.0203},
    keywords = {Cloud computing, Internet of Things, RFID Smart environments, Ubiquitous sensing, Wireless sensor networks}
}

@inproceedings{Vashi2017InternetIssues,
    title = {{Internet of Things (IoT): A vision, architectural elements, and security issues}},
    year = {2017},
    booktitle = {2017 International Conference on I-SMAC (IoT in Social, Mobile, Analytics and Cloud) (I-SMAC)},
    author = {Vashi, Shivangi and Ram, Jyotsnamayee and Modi, Janit and Verma, Saurav and Prakash, Chetana},
    number = {1},
    month = {2},
    pages = {492--496},
    series = {1},
    volume = {16},
    publisher = {IEEE},
    url = {http://ieeexplore.ieee.org/document/6512846/ http://ieeexplore.ieee.org/document/8058399/},
    isbn = {978-1-5090-3242-6},
    doi = {10.1109/I-SMAC.2017.8058399},
    issn = {1553-877X},
    pmid = {24439530},
    arxivId = {1305.0982}
}

@misc{Lewis2014,
    title = {{Microservices - a definition of this new architectural term}},
    year = {2014},
    author = {Lewis, James; Martin Fowler},
    url = {https://martinfowler.com/articles/microservices.html}
}

@article{Vandikas2017,
    title = {{Microservices in IoT clouds}},
    year = {2017},
    journal = {2016 Cloudification of the Internet of Things, CIoT 2016},
    author = {Vandikas, Konstantinos and Tsiatsis, Vlasios},
    pages = {1--6},
    isbn = {9781509049592},
    doi = {10.1109/CIOT.2016.7872912}
}

@misc{Richardson2016,
    title = {{Microservices Patterns}},
    year = {2016},
    author = {Richardson, Chris},
    url = {http://microservices.io/patterns/index.html}
}

@incollection{Dragoni2016,
    title = {{Microservices: Yesterday, Today, and Tomorrow}},
    year = {2017},
    booktitle = {Present and Ulterior Software Engineering},
    author = {Dragoni, Nicola and Giallorenzo, Saverio and Lafuente, Alberto Lluch and Mazzara, Manuel and Montesi, Fabrizio and Mustafin, Ruslan and Safina, Larisa},
    month = {6},
    pages = {195--216},
    publisher = {Springer International Publishing},
    url = {http://arxiv.org/abs/1606.04036 http://link.springer.com/10.1007/978-3-319-67425-4_12},
    address = {Cham},
    isbn = {9783319674254},
    doi = {10.1007/978-3-319-67425-4{\_}12},
    arxivId = {1606.04036}
}

@article{Botta2014,
    title = {{On the integration of cloud computing and internet of things}},
    year = {2014},
    journal = {Proceedings - 2014 International Conference on Future Internet of Things and Cloud, FiCloud 2014},
    author = {Botta, Alessio and De Donato, Walter and Persico, Valerio and Pescape, Antonio},
    pages = {23--30},
    publisher = {2014},
    isbn = {9781479943586},
    doi = {10.1109/FiCloud.2014.14},
    issn = {0167739X},
    pmid = {25093343},
    keywords = {Cloud, IoT}
}

@book{Bolic2010,
    title = {{RFID Systems: Research Trends and Challanges}},
    year = {2010},
    author = {Bolic, Miodrag and Simplot-ryl, David and Stojmenovi, Ivan},
    pages = {1--577},
    publisher = {2010},
    isbn = {9780470746028}
}

@article{Kevin2009,
    title = {{That ‚Äòinternet of things‚Äô thing}},
    year = {2009},
    journal = {RFID journal},
    author = {Kevin, Ashton},
    number = {7},
    pages = {97--114},
    volume = {22}
}

@article{Huiting2016,
    title = {{The effects of single bit quantization on direction of arrival estimation of UHF RFID tags}},
    year = {2016},
    journal = {2016 IEEE International Conference on RFID Technology and Applications (RFID-TA)},
    author = {Huiting, Jordy and Kokkeler, Andre B.J. and Smit, Gerard J.M.},
    pages = {55--60},
    url = {http://ieeexplore.ieee.org/document/7750731/},
    isbn = {978-1-5090-1408-8},
    doi = {10.1109/RFID-TA.2016.7750731}
}

@article{Ferreira2014AAPIs,
    title = {{A ubiquitous communication architecture integrating transparent UPnP and REST APIs}},
    year = {2014},
    journal = {International Journal of Embedded Systems},
    author = {Ferreira, Hiro Gabriel Cerqueira and Canedo, Edna Dias and Junior, Rafael Tim√≥teo De Sousa},
    number = {2/3},
    pages = {188},
    volume = {6},
    url = {http://www.inderscience.com/link.php?id=63816},
    doi = {10.1504/IJES.2014.063816},
    issn = {1741-1068},
    keywords = {2014, a ubiquitous communication architecture, and, c, canedo, context-aware middleware, d, de sousa jr, device controlling, e, event monitoring, ferreira, follows, g, h, integrating transparent upnp, pervasiveness enablement architecture, r, reference to this paper, representational state transfer, rest, should be made as, t, universal plug and play, upnp}
}

@book{Runeson2012CaseEngineering,
    title = {{Case Study Research in Software Engineering}},
    year = {2012},
    booktitle = {John Wiley {\&} Sons, Inc},
    author = {Runeson, Per and H{\"{o}}st, Martin and Rainer, Austen and Regnell, Bj√∂rn},
    month = {3},
    pages = {216},
    publisher = {John Wiley {\&} Sons, Inc.},
    url = {http://www.wiley.com/WileyCDA/WileyTitle/productCd-1118104358.html%5Cnhttp://doi.wiley.com/10.1002/9781118181034 http://doi.wiley.com/10.1002/9781118181034},
    address = {Hoboken, NJ, USA},
    isbn = {9781118181034},
    doi = {10.1002/9781118181034}
}

@inproceedings{Filho2017DesignNetworks,
    title = {{Design and Evaluation of a Semantic Gateway Prototype for IoT Networks}},
    year = {2017},
    booktitle = {Companion Proceedings of the10th International Conference on Utility and Cloud Computing - UCC '17 Companion},
    author = {Filho, Francisco L. de Caldas and Martins, Lucas M. C. e and Ara{\'{u}}jo, Ingrid Palma and Mendon{\c{c}}a, F√°bio L. L. de and da Costa, Jo√£o Paulo C. L. and J{\'{u}}nior, Rafael T. de Sousa},
    number = {December},
    pages = {195--201},
    publisher = {ACM Press},
    url = {http://dl.acm.org/citation.cfm?doid=3147234.3148091},
    address = {New York, New York, USA},
    isbn = {9781450351959},
    doi = {10.1145/3147234.3148091},
    keywords = {Fog computing., IoT, IoT gateway, Middleware, Semantic gateway}
}

@book{Burns2018DesigningServices,
    title = {{Designing Distributed Systems - Patterns and Paradigms for Scalable, Reliable Services}},
    year = {2018},
    booktitle = {O'Reilly},
    author = {Burns, Brendan},
    number = {8},
    pages = {1--165},
    volume = {80},
    url = {http://oreilly.com/safari},
    isbn = {9789004310087},
    doi = {10.1093/ecco-jcc/jjy097},
    issn = {1876-4479},
    pmid = {29982528}
}

@article{Chen2017EfficientTags,
    title = {{Efficient and Reliable Missing Tag Identification for Large-Scale RFID Systems with Unknown Tags}},
    year = {2017},
    journal = {IEEE Internet of Things Journal},
    author = {Chen, Honglong and Xue, Guoliang and Wang, Zhibo},
    number = {3},
    pages = {736--748},
    volume = {4},
    doi = {10.1109/JIOT.2017.2664810},
    issn = {23274662},
    keywords = {Efficient and reliable protocols, missing tag identification, radio frequency identification (RFID) systems, unknown tags}
}

@article{Khazaei2017End-to-endApplications,
    title = {{End-to-end management of IoT applications}},
    year = {2017},
    journal = {2017 IEEE Conference on Network Softwarization: Softwarization Sustaining a Hyper-Connected World: en Route to 5G, NetSoft 2017},
    author = {Khazaei, Hamzeh and Bannazadeh, Hadi and Leon-Garcia, Alberto},
    isbn = {9781509060085},
    doi = {10.1109/NETSOFT.2017.8004252}
}

@book{Marconi2003FundamentosCientifica,
    title = {{Fundamentos de metodologia cient{\'{i}}fica}},
    year = {2003},
    author = {Marconi, Marina de Andrade and Lakatos, Eva Maria},
    publisher = {5. ed. - S{\~{a}}o Paulo: Atlas},
    isbn = {85-224-3397-6}
}

@article{Conti2018InternetOpportunities,
    title = {{Internet of Things security and forensics: Challenges and opportunities}},
    year = {2018},
    journal = {Future Generation Computer Systems},
    author = {Conti, Mauro and Dehghantanha, Ali and Franke, Katrin and Watson, Steve},
    pages = {544--546},
    volume = {78},
    publisher = {Elsevier B.V.},
    url = {http://dx.doi.org/10.1016/j.future.2017.07.060},
    isbn = {0167-739X},
    doi = {10.1016/j.future.2017.07.060},
    issn = {0167739X},
    keywords = {Cyber security, Digital forensics, Internet of Things}
}

@inproceedings{Yousaf2017InternetObservation,
    title = {{Internet of Things: 'A panoramic observation'}},
    year = {2017},
    booktitle = {International Conference on Communication Technologies, ComTech 2017},
    author = {Yousaf, Hasnain},
    pages = {27--33},
    isbn = {9781509059843},
    doi = {10.1109/COMTECH.2017.8065745},
    keywords = {Global Positioning System (GPS), Internet of Things, Radio Frequency Identification (RFID), Real Time Applications (RTP)}
}

@article{JauberthWeyllAbijaudeFabiolaGreveAprigioA.LopesBezerra2017InventoryIoTInventario,
    title = {{InventoryIoT (I¬≤oT): uma Plataforma de Gerenciamento Automatizado de Invent{\'{a}}rio}},
    year = {2017},
    journal = {XIII Simp{\'{o}}sio Brasileiro de Sistemas de Informa{\c{c}}{\~{a}}o},
    author = {Jauberth Weyll Abijaude, Fab{\'{i}}ola Greve, Apr{\'{i}}gio A. Lopes Bezerra, P√©ricles de L. Sobreira},
    pages = {269‚Äì276},
    volume = {1}
}

@article{Ferreira2013IoTArduino,
    title = {{IoT architecture to enable intercommunication through REST API and UPnP using IP, ZigBee and arduino}},
    year = {2013},
    journal = {International Conference on Wireless and Mobile Computing, Networking and Communications},
    author = {Ferreira, Hiro Gabriel Cerqueira and Dias Canedo, Edna and De Sousa, Rafael Timoteo},
    pages = {53--60},
    isbn = {9781479904280},
    doi = {10.1109/WiMOB.2013.6673340},
    issn = {21619646},
    keywords = {Arduino and ZigBee, Device controlling and eventing enablement, IoT communication architecture, JSON, RESTful API, UPnP, Web server, XML, context-awareness middleware, pervasiveness enablement architecture}
}

@book{Gil2008MetodosSocial,
    title = {{M{\'{e}}todos e t{\'{e}}cnicas de pesquisa social}},
    year = {2008},
    author = {Gil, Antonio Carlos},
    publisher = {6. ed. - S{\~{a}}o Paulo: Atlas},
    isbn = {978-85-224-5142-5}
}

@article{Brambilla2017Model-drivenPatterns,
    title = {{Model-driven development of user interfaces for IoT systems via domain-specific components and patterns}},
    year = {2017},
    journal = {Journal of Internet Services and Applications},
    author = {Brambilla, Marco and Umuhoza, Eric and Acerbis, Roberto},
    number = {1},
    pages = {1--21},
    volume = {8},
    publisher = {Journal of Internet Services and Applications},
    isbn = {978-989-758-247-9},
    doi = {10.1186/s13174-017-0064-1},
    issn = {18690238},
    keywords = {Design pattern, IFML, Internet of things, Mobile applications, Model-driven development, Modeling, Software engineering, User experience, User interaction}
}

@inproceedings{Dias2018NoSQLStudy,
    title = {{NoSQL Database Performance Tuning for IoT Data - Cassandra Case Study}},
    year = {2018},
    booktitle = {Proceedings of the 3rd International Conference on Internet of Things, Big Data and Security},
    author = {Dias, Lucas B and Holanda, Maristela and Huacarpuma, Ruben C and de Sousa Jr, Rafael T.},
    number = {IoTBDS},
    pages = {277--284},
    publisher = {SCITEPRESS - Science and Technology Publications},
    url = {http://www.scitepress.org/DigitalLibrary/Link.aspx?doi=10.5220/0006782702770284},
    isbn = {978-989-758-296-7},
    doi = {10.5220/0006782702770284}
}

@article{Juels2006RFIDSurvey,
    title = {{RFID security and privacy: a research survey}},
    year = {2006},
    journal = {IEEE Journal on Selected Areas in Communications},
    author = {Juels, A.},
    number = {2},
    month = {2},
    pages = {381--394},
    volume = {24},
    url = {http://airccj.org/CSCP/vol3/csit3526.pdf http://ieeexplore.ieee.org/document/1589116/},
    doi = {10.1109/JSAC.2005.861395},
    issn = {0733-8716}
}

@article{Brandao2018RFIDIndustry,
    title = {{RFID Technology as a Life Cycle Management Tool in the Liquefied Petroleum Gas Industry}},
    year = {2018},
    journal = {IEEE Latin American Transactions},
    author = {Brand{\~{a}}o, F B and Ferreira, J C E and Schwanke, D and Breier, G P and Bove, C N and Bove, M C and Raposo, A B},
    number = {2},
    pages = {391--397},
    volume = {16},
    keywords = {advanced manufacturing, liquefied petroleum gas, lpg, management of logistics chain, radio frequency identification, rfid}
}

@article{Tsiropoulou2017RFID-basedSystem,
    title = {{RFID-based smart parking management system}},
    year = {2017},
    journal = {Cyber-Physical Systems},
    author = {Tsiropoulou, Eirini Eleni and Baras, John S. and Papavassiliou, Symeon and Sinha, Surbhit},
    number = {1-4},
    pages = {22--41},
    volume = {3},
    publisher = {Taylor {\&} Francis},
    url = {https://www.tandfonline.com/doi/full/10.1080/23335777.2017.1358765},
    doi = {10.1080/23335777.2017.1358765},
    issn = {2333-5777},
    keywords = {RFID, energy efficiency, multi-hop, passive tag-to-tag communication, power control, smart parking system}
}

@article{Stergiou2018SecureComputing,
    title = {{Secure integration of IoT and Cloud Computing}},
    year = {2018},
    journal = {Future Generation Computer Systems},
    author = {Stergiou, Christos and Psannis, Kostas E. and Kim, Byung Gyu and Gupta, Brij},
    pages = {964--975},
    volume = {78},
    publisher = {Elsevier B.V.},
    url = {http://dx.doi.org/10.1016/j.future.2016.11.031},
    doi = {10.1016/j.future.2016.11.031},
    issn = {0167739X},
    keywords = {Cloud Computing, Internet of Things, Mobile Cloud Computing, Privacy, Security}
}

@article{Niyato2015SmartApproach,
    title = {{Smart Data Pricing Models for Internet-of-Things (IoT): A Bundling Strategy Approach}},
    year = {2015},
    author = {Niyato, Dusit and Hoang, Dinh Thai and Luong, Nguyen Cong and Wang, Ping and Kim, Dong In and Han, Zhu},
    number = {April},
    pages = {18--25},
    url = {http://arxiv.org/abs/1512.05075},
    isbn = {8231299467},
    arxivId = {1512.05075}
}

@article{Niyato2016SmartApproach,
    title = {{Smart data pricing models for the internet of things: A bundling strategy approach}},
    year = {2016},
    journal = {IEEE Network},
    author = {Niyato, Dusit and Hoang, Dinh Thai and Luong, Nguyen Cong and Wang, Ping and Kim, Dong In and Han, Zhu},
    number = {2},
    pages = {18--25},
    volume = {30},
    isbn = {0890-8044 VO - 30},
    doi = {10.1109/MNET.2016.7437020},
    issn = {08908044},
    arxivId = {1512.05075}
}

@article{Pradilla2018SOSFul,
    title = {{SOSFul : Sensor Observation Service ( SOS ) for Internet of Things ( IoT )}},
    year = {2018},
    journal = {IEEE Latin American Transactions},
    author = {Pradilla, J and Esteve, M and Member, Senior},
    number = {4},
    pages = {1276--1283},
    volume = {16},
    keywords = {internet of, iot, sensor observation service, sensor web enablement, sensors networks, sos, things}
}

@article{MarcosdeAguiarFabiolaGreve2017UmAtuacao,
    title = {{Um Arcabou{\c{c}}o Flex{\'{i}}vel para Integra{\c{c}}{\~{a}}o de An{\'{a}}lise Preditiva e Prescritiva, com Atua{\c{c}}{\~{a}}o}},
    year = {2017},
    journal = {XIII Simp{\'{o}}sio Brasileiro de Sistemas de Informa{\c{c}}{\~{a}}o},
    author = {Marcos de Aguiar, Fab{\'{i}}ola Greve, Genaro Costa},
    pages = {174‚Äì181},
    volume = {1}
}

@article{Diniz2015UmaCities,
    title = {{Uma Arquitetura de Refer{\^{e}}ncia para Plataforma de Crowdsensing em Smart Cities}},
    year = {2015},
    journal = {XI Simp{\'{o}}sio Brasileiro de Sistemas de Informa{\c{c}}{\~{a}}o},
    author = {Diniz, Herbett and Silva, Emanoel and Gama, Kiev},
    pages = {87--94},
    volume = {1},
    url = {http://www.inf.ufg.br/sbsi2015},
    keywords = {architecture, cep, crowdsensing, smart cities}
}

@article{Almeida2018UmaThings,
    title = {{Uma Revis{\~{a}}o Sistem{\'{a}}tica sobre Descri{\c{c}}{\~{a}}o Sem{\^{a}}ntica na Internet das Coisas Title : A Systematic Review about Semantic Description on the Internet of Things}},
    year = {2018},
    author = {Almeida, Henrique Gurgacz De and Siqueira, Sean},
    pages = {43--62},
    volume = {11},
    keywords = {a internet das coisas, a{\c{c}}√µes e tecnologias, caracter{\'{i}}sticas, ecossistema de objetos conectados, em, est{\'{a}} criando um, internet of things, internet of things -, iot, natureza, por{\'{e}}m que s{\~{a}}o heterog{\^{e}}neos, protocolos, resumo, semantic description, termos de recursos, things description, {\`{a}} internet}
}